% @article{engelbart,
%   title={Augmenting human intellect: a conceptual framework (1962)},
%   author={Engelbart, Douglas C},
%   journal={PACKER, Randall and JORDAN, Ken. Multimedia. From Wagner to Virtual Reality. New York: WW Norton \& Company},
%   pages={64--90},
%   year={2001}
% }

@article{engelbart1962,
  title={Augmenting Human Intellect: A Conceptual Framework.},
  author={Engelbart, Douglas C},
  journal={Stanford Research Institute. Retrieved March},
  volume={1},
  pages={2007},
  year={1962}
}


@inproceedings{examplore,
 author = {Glassman*, Elena L. and Zhang*, Tianyi and Hartmann, Bj\"{o}rn and Kim, Miryung},
 title = {Visualizing API Usage Examples at Scale},
 booktitle = {Proceedings of the 2018 CHI Conference on Human Factors in Computing Systems},
 series = {CHI '18},
 year = {2018},
 location = {Montreal QC, Canada},
 pages = {580:1--580:12},
 articleno = {580},
 numpages = {12},
 url = {http://doi.acm.org/10.1145/3173574.3174154},
 acmid = {3174154},
 publisher = {ACM},
 address = {New York, NY, USA},
 keywords = {api, code examples, interactive visualization, programming support},
} 

@inproceedings{lats17,
 author = {Head*, Andrew and Glassman*, Elena L. and Soares*, Gustavo and Suzuki, Ryo and Figueredo, Lucas and D'Antoni, Loris and Hartmann, Bj\"{o}rn},
 title = {Writing Reusable Code Feedback at Scale with Mixed-Initiative Program Synthesis},
 booktitle = {Proceedings of the Fourth (2017) ACM Conference on Learning @ Scale},
 series = {L@S '17},
 year = {2017},
 location = {Cambridge, Massachusetts, USA},
 pages = {89--98},
 numpages = {10},
 url = {http://doi.acm.org/10.1145/3051457.3051467},
 publisher = {ACM},
 keywords = {program synthesis, programming education},
} 

@inproceedings{foobaz,
 author = {Glassman, Elena L. and Fischer, Lyla and Scott, Jeremy and Miller, Robert C.},
 title = {Foobaz: Variable Name Feedback for Student Code at Scale},
 booktitle = {Proceedings of the 28th Annual ACM Symposium on User Interface Software \& Technology},
 series = {UIST '15},
 year = {2015},
 location = {Charlotte, NC, USA},
 pages = {609--617},
 numpages = {9},
 url = {http://doi.acm.org/10.1145/2807442.2807495},
 publisher = {ACM},
 keywords = {computer science education, learning at scale, user interface design, variable naming},
} 

@inproceedings{refazer,
 author = {Rolim, Reudismam and Soares, Gustavo and D'Antoni, Loris and Polozov, Oleksandr and Gulwani, Sumit and Gheyi, Rohit and Suzuki, Ryo and Hartmann, Bj\"{o}rn},
 title = {Learning Syntactic Program Transformations from Examples},
 booktitle = {Proceedings of the 39th International Conference on Software Engineering},
 series = {ICSE '17},
 year = {2017},
 location = {Buenos Aires, Argentina},
 pages = {404--415},
 numpages = {12},
 url = {https://doi.org/10.1109/ICSE.2017.44},
 publisher = {IEEE Press},
 keywords = {program synthesis, program transformation, refactoring, tutoring systems},
} 

@inproceedings{tr15,
  title={iBCM: Interactive Bayesian Case Model Empowering Humans via Intuitive Interaction},
  author={Kim, Been and Glassman, Elena L. and Johnson, Brittney and Shah, Julie},
  year={2015},
  publisher={MIT CSAIL Technical Report},
}

@article{snap,
  title={A wavelet-like filter based on neuron action potentials for analysis of human scalp electroencephalographs},
  author={Glassman, Elena L.},
  journal={IEEE Transactions on Biomedical Engineering},
  volume={52},
  number={11},
  pages={1851--1862},
  year={2005},
  publisher={IEEE},
}

@inproceedings{sos,
  title={Region of attraction estimation for a perching aircraft: A Lyapunov method exploiting barrier certificates},
  author={Glassman, Elena L. and Desbiens, Alexis Lussier and Tobenkin, Mark and Cutkosky, Mark and Tedrake, Russ},
  booktitle={Robotics and Automation (ICRA), 2012 IEEE International Conference on},
  pages={2235--2242},
  year={2012},
  organization={IEEE}
}

@article{vule,
  author    = {Vu Le and
               Daniel Perelman and
               Oleksandr Polozov and
               Mohammad Raza and
               Abhishek Udupa and
               Sumit Gulwani},
  title     = {Interactive Program Synthesis},
  journal   = {CoRR},
  volume    = {abs/1703.03539},
  year      = {2017},
  url       = {http://arxiv.org/abs/1703.03539},
  archivePrefix = {arXiv},
  eprint    = {1703.03539},
  timestamp = {Wed, 07 Jun 2017 14:41:55 +0200},
  biburl    = {http://dblp.org/rec/bib/journals/corr/LePPRUG17},
  bibsource = {dblp computer science bibliography, http://dblp.org}
}

@inproceedings{lqrrt,
  title={A quadratic regulator-based heuristic for rapidly exploring state space},
  author={Glassman, Elena L. and Tedrake, Russ},
  booktitle={Robotics and Automation (ICRA), 2010 IEEE International Conference on},
  pages={5021--5028},
  year={2010},
  organization={IEEE}
}

@incollection{bcm,
title = {The Bayesian Case Model: A Generative Approach for Case-Based Reasoning and Prototype Classification},
author = {Kim, Been and Rudin, Cynthia and Shah, Julie A},
booktitle = {Advances in Neural Information Processing Systems 27},
editor = {Z. Ghahramani and M. Welling and C. Cortes and N. D. Lawrence and K. Q. Weinberger},
pages = {1952--1960},
year = {2014},
publisher = {Curran Associates, Inc.},
url = {http://papers.nips.cc/paper/5313-the-bayesian-case-model-a-generative-approach-for-case-based-reasoning-and-prototype-classification.pdf}
}

@Mastersthesis{grovercode,
  title={GroverCode: code canonicalization and clustering applied to grading},
  author={Terman, Stacey},
  year={2016},
  school={Massachusetts Institute of Technology}
}

@book{vt,
  title={Variation theory and the improvement of teaching and learning},
  author={Ling Lo, Mun},
  year={2012},
  publisher={G{\"o}teborg: Acta Universitatis Gothoburgensis}
}

@inproceedings{cscw16,
 author = {Glassman, Elena L. and Lin, Aaron and Cai, Carrie J. and Miller, Robert C.},
 title = {Learnersourcing Personalized Hints},
 booktitle = {Proceedings of the ACM Conference on Computer-Supported Cooperative Work \& Social Computing},
 series = {CSCW '16},
 year = {2016},
 location = {San Francisco, California, USA},
 pages = {1626--1636},
 numpages = {11},
 url = {http://doi.acm.org/10.1145/2818048.2820011},
 publisher = {ACM},
 keywords = {crowdsourcing, learning at scale},
} 

@inproceedings{mudslide,
 author = {Glassman, Elena L. and Kim, Juho and Monroy-Hern\'{a}ndez, Andr{\'e}s and Morris, Meredith Ringel},
 title = {Mudslide: A Spatially Anchored Census of Student Confusion for Online Lecture Videos},
 booktitle = {Proceedings of the Annual ACM Conference on Human Factors in Computing Systems},
 series = {CHI '15},
 year = {2015},
 location = {Seoul, Republic of Korea},
 pages = {1555--1564},
 numpages = {10},
 url = {http://doi.acm.org/10.1145/2702123.2702304},
 publisher = {ACM},
 keywords = {flipped classrooms, lecture feedback, online lecture videos},
} 

@article{overcode,
 author = {Glassman, Elena L. and Scott, Jeremy and Singh, Rishabh and Guo, Philip J. and Miller, Robert C.},
 title = {OverCode: Visualizing Variation in Student Solutions to Programming Problems at Scale},
 journal = {ACM Transactions on Computer-Human Interaction},
 issue_date = {April 2015},
 volume = {22},
 number = {2},
 month = mar,
 year = {2015},
 issn = {1073-0516},
 pages = {7:1--7:35},
 articleno = {7},
 numpages = {35},
 url = {http://doi.acm.org/10.1145/2699751},
 publisher = {ACM},
 keywords = {Programming education, learning at scale},
} 


@BOOK{Tufte2006,
	author = {Edward R. Tufte},
	title = {Beautiful Evidence},
	year = {2006},
	publisher = {Graphics Press, {LLC}},
	month = {May},
	edition = {First},
	place = {Cheshire, Connecticut},
	isbn = {0-9613921-7-7}
}

@BOOK{Tufte2001,
	author = {Edward R. Tufte},
	title = {The Visual Display of Quantitative Information},
	publisher = {Graphics Press},
	year = {2001},
	address = {Cheshire, Connecticut},
	isbn = {0-9613921-4-2}
}

@BOOK{Tufte1990,
	author = {Edward R. Tufte},
	title = {Envisioning Information},
	publisher = {Graphics Press},
	year = {1990},
	address = {Cheshire, Connecticut},
	isbn = {0-9613921-1-8}
}

@BOOK{Tufte1997,
	author = {Edward R. Tufte},
	title = {Visual Explanations},
	publisher = {Graphics Press},
	year = {1997},
	address = {Cheshire, Connecticut},
	isbn = {0-9613921-2-6}
}

@BOOK{Bringhurst2005,
	author = {Robert Bringhurst},
	title = {The Elements of Typography},
	publisher = {Hartley \& Marks},
	year = {2005},
	edition = {3.1},
	isbn = {0-88179-205-5}
}

@BOOK{Mittelbach2004,
	author = {Frank Mittelbach and Michel Goossens},
	title = {The \LaTeX\ Companion},
	publisher = {Addison--Wesley},
	year = {2004},
	edition = {Second},
	isbn = {0-201-36299-6}
}

@MISC{pkg-geometry,
    author = {Hideo Umeki},
    title = {The \texttt{geometry} package},
    year = {2008},
    month = dec,
    howpublished = {\url{http://ctan.org/pkg/geometry}}
}


